<?xml version="1.0" encoding="UTF-8"?><collection xmlns="http://www.loc.gov/MARC21/slim"><record><leader>00414nam--2200121-i-4500</leader><controlfield tag="001">000019938</controlfield><controlfield tag="002">20161230</controlfield><controlfield tag="005">20161230201033</controlfield><controlfield tag="008">060222s1000------------r-----000-0-eng-d</controlfield><datafield ind1=" " ind2=" " tag="080"><subfield code="a">550.34</subfield></datafield><datafield ind1=" " ind2=" " tag="245"><subfield code="a">Constructii civile si industriale.prescriptii de proiectare in regiuni seismice.sarcini seismice.standard de stat.stas 2923/60</subfield></datafield><datafield ind1=" " ind2=" " tag="260"><subfield code="a">Bucuresti, Oficiul De Stat Pentru Standarde, 1960. 34 P.+dif</subfield></datafield><datafield ind1=" " ind2=" " tag="852"><subfield code="a">47787</subfield></datafield></record></collection>